@article{han2017variational,
  title={Variational autoencoder: An unsupervised model for modeling and decoding fMRI activity in visual cortex},
  author={Han, Kuan and Wen, Haiguang and Shi, Junxing and Lu, Kun-Han and Zhang, Yizhen and Liu, Zhongming},
  journal={bioRxiv},
  pages={214247},
  year={2017},
  publisher={Cold Spring Harbor Laboratory}
}
@article{kawato1999internal,
  title={Internal models for motor control and trajectory planning},
  author={Kawato, Mitsuo},
  journal={Current opinion in neurobiology},
  volume={9},
  number={6},
  pages={718--727},
  year={1999},
  publisher={Elsevier}
}
@inproceedings{levine2016learning,
  title={Learning hand-eye coordination for robotic grasping with large-scale data collection},
  author={Levine, Sergey and Pastor, Peter and Krizhevsky, Alex and Quillen, Deirdre},
  booktitle={International Symposium on Experimental Robotics},
  pages={173--184},
  year={2016},
  organization={Springer}
}
@inproceedings{weisz2012pose,
  title={Pose error robust grasping from contact wrench space metrics},
  author={Weisz, Jonathan and Allen, Peter K},
  booktitle={Robotics and Automation (ICRA), 2012 IEEE International Conference on},
  pages={557--562},
  year={2012},
  organization={IEEE}
}
@inproceedings{hosoda1994versatile,
  title={Versatile visual servoing without knowledge of true jacobian},
  author={Hosoda, Koh and Asada, Minoru},
  booktitle={Intelligent Robots and Systems' 94.'Advanced Robotic Systems and the Real World', IROS'94. Proceedings of the IEEE/RSJ/GI International Conference on},
  volume={1},
  pages={186--193},
  year={1994},
  organization={IEEE}
}
@article{friston2003learning,
  title={Learning and inference in the brain},
  author={Friston, Karl},
  journal={Neural Networks},
  volume={16},
  number={9},
  pages={1325--1352},
  year={2003},
  publisher={Elsevier}
}
@article{arjovsky2017wasserstein,
  title={Wasserstein gan},
  author={Arjovsky, Martin and Chintala, Soumith and Bottou, L{\'e}on},
  journal={arXiv preprint arXiv:1701.07875},
  year={2017}
}
@article{zhao2017towards,
  title={Towards deeper understanding of variational autoencoding models},
  author={Zhao, Shengjia and Song, Jiaming and Ermon, Stefano},
  journal={arXiv preprint arXiv:1702.08658},
  year={2017}
}
@inproceedings{zhuang2015supervised,
  title={Supervised Representation Learning: Transfer Learning with Deep Autoencoders.},
  author={Zhuang, Fuzhen and Cheng, Xiaohu and Luo, Ping and Pan, Sinno Jialin and He, Qing},
  booktitle={IJCAI},
  pages={4119--4125},
  year={2015}
}
@inproceedings{kandaswamy2014improving,
  title={Improving transfer learning accuracy by reusing stacked denoising autoencoders},
  author={Kandaswamy, Chetak and Silva, Lu{\'\i}s M and Alexandre, Lu{\'\i}s A and Sousa, Ricardo and Santos, Jorge M and de S{\'a}, Joaquim Marques},
  booktitle={Systems, Man and Cybernetics (SMC), 2014 IEEE International Conference on},
  pages={1380--1387},
  year={2014},
  organization={IEEE}
}
@article{rezende2015variational,
  title={Variational inference with normalizing flows},
  author={Rezende, Danilo Jimenez and Mohamed, Shakir},
  journal={arXiv preprint arXiv:1505.05770},
  year={2015}
}
@inproceedings{salimans2015markov,
  title={Markov chain monte carlo and variational inference: Bridging the gap},
  author={Salimans, Tim and Kingma, Diederik and Welling, Max},
  booktitle={International Conference on Machine Learning},
  pages={1218--1226},
  year={2015}
}
@article{krishnan2015deep,
  title={Deep kalman filters},
  author={Krishnan, Rahul G and Shalit, Uri and Sontag, David},
  journal={arXiv preprint arXiv:1511.05121},
  year={2015}
}

@article{feichtenhofer2018have,
  title={What have we learned from deep representations for action recognition?},
  author={Feichtenhofer, Christoph and Pinz, Axel and Wildes, Richard P and Zisserman, Andrew},
  journal={arXiv preprint arXiv:1801.01415},
  year={2018}
}
@article{chen2003continuous,
  title={Continuous restricted Boltzmann machine with an implementable training algorithm},
  author={Chen, Hsin and Murray, Alan F},
  journal={IEE Proceedings-Vision, Image and Signal Processing},
  volume={150},
  number={3},
  pages={153--158},
  year={2003},
  publisher={IET}
}
@misc{lenninger2017generative,
  title={Generative adversarial networks as integrated forward and inverse model for motor control},
  author={Lenninger, Movitz},
  year={2017}
}
@article{bishop2001introduction,
  title={An introduction to the Kalman filter},
  author={Bishop, Gary and Welch, Greg and others},
  journal={Proc of SIGGRAPH, Course},
  volume={8},
  number={27599-23175},
  pages={41},
  year={2001}
}
@article{arjovsky2017towards,
  title={Towards principled methods for training generative adversarial networks},
  author={Arjovsky, Martin and Bottou, L{\'e}on},
  journal={arXiv preprint arXiv:1701.04862},
  year={2017}
}
@article{hu2017unifying,
  title={On unifying deep generative models},
  author={Hu, Zhiting and Yang, Zichao and Salakhutdinov, Ruslan and Xing, Eric P},
  journal={arXiv preprint arXiv:1706.00550},
  year={2017}
}

@article{blei2017variational,
  title={Variational inference: A review for statisticians},
  author={Blei, David M and Kucukelbir, Alp and McAuliffe, Jon D},
  journal={Journal of the American Statistical Association},
  volume={112},
  number={518},
  pages={859--877},
  year={2017},
  publisher={Taylor \& Francis}
}
@article{goodfellow2014distinguishability,
  title={On distinguishability criteria for estimating generative models},
  author={Goodfellow, Ian J},
  journal={arXiv preprint arXiv:1412.6515},
  year={2014}
}
@article{mescheder2017adversarial,
  title={Adversarial variational bayes: Unifying variational autoencoders and generative adversarial networks},
  author={Mescheder, Lars and Nowozin, Sebastian and Geiger, Andreas},
  journal={arXiv preprint arXiv:1701.04722},
  year={2017}
}
@inproceedings{walker2016uncertain,
  title={An uncertain future: Forecasting from static images using variational autoencoders},
  author={Walker, Jacob and Doersch, Carl and Gupta, Abhinav and Hebert, Martial},
  booktitle={European Conference on Computer Vision},
  pages={835--851},
  year={2016},
  organization={Springer}
}

@book{Goodfellow-et-al-2016,
    title={Deep Learning},
    author={Ian Goodfellow and Yoshua Bengio and Aaron Courville},
    publisher={MIT Press},
    note={\url{http://www.deeplearningbook.org}},
    year={2016}
}
@article{matsubara2014latent,
  title={Latent Kullback Leibler control for continuous-state systems using probabilistic graphical models},
  author={Matsubara, Takamitsu and G{\'o}mez, Vicen{\c{c}} and Kappen, Hilbert J},
  journal={arXiv preprint arXiv:1406.0993},
  year={2014}
}
@article{rezende2014stochastic,
  title={Stochastic backpropagation and approximate inference in deep generative models},
  author={Rezende, Danilo Jimenez and Mohamed, Shakir and Wierstra, Daan},
  journal={arXiv preprint arXiv:1401.4082},
  year={2014}
}
@article{lotter2015unsupervised,
  title={Unsupervised learning of visual structure using predictive generative networks},
  author={Lotter, William and Kreiman, Gabriel and Cox, David},
  journal={arXiv preprint arXiv:1511.06380},
  year={2015}
}
@article{LeCun2015,
  doi = {10.1038/nature14539},
  url = {https://doi.org/10.1038/nature14539},
  year  = {2015},
  month = {may},
  publisher = {Springer Nature},
  volume = {521},
  number = {7553},
  pages = {436--444},
  author = {Yann LeCun and Yoshua Bengio and Geoffrey Hinton},
  title = {Deep learning},
  journal = {Nature}
}
@article{friston2010free,
  title={The free-energy principle: a unified brain theory?},
  author={Friston, Karl},
  journal={Nature Reviews Neuroscience},
  volume={11},
  number={2},
  pages={127--138},
  year={2010},
  publisher={Nature Publishing Group}
}

@article{knill2004bayesian,
  title={The Bayesian brain: the role of uncertainty in neural coding and computation},
  author={Knill, David C and Pouget, Alexandre},
  journal={TRENDS in Neurosciences},
  volume={27},
  number={12},
  pages={712--719},
  year={2004},
  publisher={Elsevier}
}

@article{bourlard1988auto,
  title={Auto-association by multilayer perceptrons and singular value decomposition},
  author={Bourlard, Herv{\'e} and Kamp, Yves},
  journal={Biological cybernetics},
  volume={59},
  number={4},
  pages={291--294},
  year={1988},
  publisher={Springer}
}
@inproceedings{watter2015embed,
  title={Embed to control: A locally linear latent dynamics model for control from raw images},
  author={Watter, Manuel and Springenberg, Jost and Boedecker, Joschka and Riedmiller, Martin},
  booktitle={Advances in neural information processing systems},
  pages={2746--2754},
  year={2015}
}
@article{ueltzhoffer2017deep,
  title={Deep Active Inference},
  author={Ueltzh{\"o}ffer, Kai},
  journal={arXiv preprint arXiv:1709.02341},
  year={2017}
}

@article{kingma2013auto,
  title={Auto-encoding variational bayes},
  author={Kingma, Diederik P and Welling, Max},
  journal={arXiv preprint arXiv:1312.6114},
  year={2013}
}

@article{frank1957perceptron,
  title={The perceptron a perceiving and recognizing automaton},
  author={Frank, R},
  journal={tech. rep., Technical Report 85-460-1},
  year={1957},
  publisher={Cornell Aeronautical Laboratory}
}

@book{doya2007bayesian,
  title={Bayesian brain: Probabilistic approaches to neural coding},
  author={Doya, Kenji},
  year={2007},
  publisher={MIT press}
}
@article{lawrence1997face,
  title={Face recognition: A convolutional neural-network approach},
  author={Lawrence, Steve and Giles, C Lee and Tsoi, Ah Chung and Back, Andrew D},
  journal={IEEE transactions on neural networks},
  volume={8},
  number={1},
  pages={98--113},
  year={1997},
  publisher={IEEE}
}

@inproceedings{goodfellow2014generative,
  title={Generative adversarial nets},
  author={Goodfellow, Ian and Pouget-Abadie, Jean and Mirza, Mehdi and Xu, Bing and Warde-Farley, David and Ozair, Sherjil and Courville, Aaron and Bengio, Yoshua},
  booktitle={Advances in neural information processing systems},
  pages={2672--2680},
  year={2014}
}
@inproceedings{chen2016infogan,
  title={Infogan: Interpretable representation learning by information maximizing generative adversarial nets},
  author={Chen, Xi and Duan, Yan and Houthooft, Rein and Schulman, John and Sutskever, Ilya and Abbeel, Pieter},
  booktitle={Advances in Neural Information Processing Systems},
  pages={2172--2180},
  year={2016}
}